@misc{CNext,
    author ="CPP reference",
    title ="nextafter, nextafterf, nextafterl, nexttoward, nexttowardf, nexttowardl",
    URL = "https://en.cppreference.com/w/c/numeric/math/nextafter",
}

@misc{ISO,
    title = "ISO/IEC 9899:2018 draft",
    URL = "https://www.open-std.org/jtc1/sc22/wg14/www/docs/n2310.pdf"
}

@article{Euler,
 ISSN = {00029890, 19300972},
 URL = {http://www.jstor.org/stable/2319041},
 author = {Raymond Ayoub},
 journal = {The American Mathematical Monthly},
 number = {10},
 pages = {1067--1086},
 publisher = {Mathematical Association of America},
 title = {Euler and the Zeta Function},
 volume = {81},
 year = {1974}
}

@article{muller2015rounding,
  title={Rounding methods for neural networks with low resolution synaptic weights},
  author={Muller, Lorenz K and Indiveri, Giacomo},
  journal={arXiv preprint arXiv:1504.05767},
  year={2015}
}

@article{ode,
author = {Hopkins, Michael  and Mikaitis, Mantas  and Lester, Dave R.  and Furber, Steve },
title = {Stochastic rounding and reduced-precision fixed-point arithmetic for solving neural ordinary differential equations},
journal = {Philosophical Transactions of the Royal Society A: Mathematical, Physical and Engineering Sciences},
volume = {378},
number = {2166},
pages = {20190052},
year = {2020},
doi = {10.1098/rsta.2019.0052},
URL = {https://royalsocietypublishing.org/doi/abs/10.1098/rsta.2019.0052},
}


@misc{krishnakumar2021quantum,
      title={Quantum Rounding},
      author={Rajiv Krishnakumar and William Zeng},
      year={2021},
      eprint={2108.05949},
      archivePrefix={arXiv},
      primaryClass={quant-ph}
}
