@misc{thomas,
    author = {Computational Fluid Dynamics Online},
    URL = {https://www.cfd-online.com/Wiki/Tridiagonal_matrix_algorithm_-_TDMA_(Thomas_algorithm)}
}

@misc{scipy,
    author= {Scipy Docs},
    URL ={https://docs.scipy.org/doc/scipy/reference/generated/scipy.linalg.solve_banded.html#scipy.linalg.solve_banded}
}

@misc{np,
    author= {NumPy Docs},
    URL ={https://numpy.org/doc/stable/reference/generated/numpy.linalg.solve.html}
}

@article{ver,
title = {Verifying approximate solutions to differential equations},
journal = {Journal of Computational and Applied Mathematics},
volume = {185},
number = {2},
pages = {203-211},
year = {2006},
note = {Special Issue: International Workshop on the Technological Aspects of Mathematics},
issn = {0377-0427},
doi = {https://doi.org/10.1016/j.cam.2005.03.006},
url = {https://www.sciencedirect.com/science/article/pii/S037704270500110X},
author = {W.H. Enright},
keywords = {Verification, ODEs, Defect, Numerical solutions, Reliability},
}

@misc{band,
author = "{Wikipedia contributors}",
title = "Band matrix --- {Wikipedia}{,} The Free Encyclopedia",
year = "2024",
url = "https://en.wikipedia.org/w/index.php?title=Band_matrix&oldid=1199530668",
note = "[Online; accessed 4-April-2024]"
}